@inproceedings{sin2021digital,
  title={Digital design marginalization: New perspectives on designing inclusive interfaces},
  author={Sin, Jaisie and L. Franz, Rachel and Munteanu, Cosmin and Barbosa Neves, Barbara},
  booktitle={Proceedings of the 2021 CHI Conference on Human Factors in Computing Systems},
  pages={1--11},
  year={2021}
}

@article{iannicola2010barriers,
  title={Barriers to financial advice for non-affluent consumers},
  author={Iannicola, Dan and Parker, R},
  journal={Sponsored by},
  year={2010},
  publisher={Citeseer}
}

@article{schaeffer20206,
  title={6 Facts about Economic Inequality in the US},
  author={Schaeffer, Katherine},
  journal={Pew Research Center},
  volume={7},
  year={2020}
}

@article{dobbie2021measuring,
  title={Measuring bias in consumer lending},
  author={Dobbie, Will and Liberman, Andres and Paravisini, Daniel and Pathania, Vikram},
  journal={The Review of Economic Studies},
  volume={88},
  number={6},
  pages={2799--2832},
  year={2021},
  publisher={Oxford University Press}
}

@article{dhaliwal2022cyber,
  title={The Cyber-Homunculus: On Race and Labor in Plans for Computation},
  author={Dhaliwal, Ranjodh Singh},
  journal={Configurations},
  volume={30},
  number={4},
  pages={377--409},
  year={2022},
  publisher={Johns Hopkins University Press}
}

@article{johnson1988mixing,
  title={Mixing humans and nonhumans together: The sociology of a door-closer},
  author={Johnson, Jim},
  journal={Social problems},
  volume={35},
  number={3},
  pages={298--310},
  year={1988},
  publisher={Oxford University Press Oxford, UK}
}

@misc{capitalone2020, 
  title={Big-picture thinking leads to the right money mindset},
  url={https://www.capitalone.com/about/newsroom/mind-over-money-survey/},
  journal={Capital One},
  author={Capital One},
  year={2020}
} 

@inproceedings{grudin2019chatbots,
  title={Chatbots, humbots, and the quest for artificial general intelligence},
  author={Grudin, Jonathan and Jacques, Richard},
  booktitle={Proceedings of the 2019 CHI conference on human factors in computing systems},
  pages={1--11},
  year={2019}
}

@misc{chatbotguide, 
  title={Banking \& Finance Bots},
  url={https://www.chatbotguide.org/banking-and-finance-bots/},
  author={Chatbot Guide},
  year={2023}
} 

@article{kulkarni2017bank,
  title={BANK CHAT BOT--an intelligent assistant system using NLP and machine learning},
  author={Kulkarni, Chaitrali S and Bhavsar, Amruta U and Pingale, Savita R and Kumbhar, Satish S},
  year={2017}
}

@misc{revechat,
  title={How Customer Service Chatbots are Transforming Support with AI},
  url={https://www.revechat.com/blog/customer-service-chatbots/},
  author={Snigdha Patel},
  publisher={REVE Chat},
  year={2022}
}

@techreport{philippon2019fintech,
  title={On fintech and financial inclusion},
  author={Philippon, Thomas},
  year={2019},
  institution={National Bureau of Economic Research}
}

@inproceedings{volkel2021eliciting,
  title={Eliciting and Analysing Usersâ€™ Envisioned Dialogues with Perfect Voice Assistants},
  author={V{\"o}lkel, Sarah Theres and Buschek, Daniel and Eiband, Malin and Cowan, Benjamin R and Hussmann, Heinrich},
  booktitle={Proceedings of the 2021 CHI Conference on Human Factors in Computing Systems},
  pages={1--15},
  year={2021}
}

@article{rapp2021human,
  title={The human side of human-chatbot interaction: A systematic literature review of ten years of research on text-based chatbots},
  author={Rapp, Amon and Curti, Lorenzo and Boldi, Arianna},
  journal={International Journal of Human-Computer Studies},
  volume={151},
  pages={102630},
  year={2021},
  publisher={Elsevier}
}

@inproceedings{clark2019makes,
  title={What makes a good conversation? Challenges in designing truly conversational agents},
  author={Clark, Leigh and Pantidi, Nadia and Cooney, Orla and Doyle, Philip and Garaialde, Diego and Edwards, Justin and Spillane, Brendan and Gilmartin, Emer and Murad, Christine and Munteanu, Cosmin and others},
  booktitle={Proceedings of the 2019 CHI Conference on Human Factors in Computing Systems},
  pages={1--12},
  year={2019}
}

@inproceedings{jain2018evaluating,
  title={Evaluating and informing the design of chatbots},
  author={Jain, Mohit and Kumar, Pratyush and Kota, Ramachandra and Patel, Shwetak N},
  booktitle={Proceedings of the 2018 designing interactive systems conference},
  pages={895--906},
  year={2018}
}

@inproceedings{reicherts2022extending,
  title={Extending Chatbots to probe users: Enhancing complex decision-making through probing conversations},
  author={Reicherts, Leon and Park, Gun Woo and Rogers, Yvonne},
  booktitle={Proceedings of the 4th Conference on Conversational User Interfaces},
  pages={1--10},
  year={2022}
}

@inproceedings{ruane2019conversational,
  title={Conversational AI: Social and Ethical Considerations.},
  author={Ruane, Elayne and Birhane, Abeba and Ventresque, Anthony},
  booktitle={AICS},
  pages={104--115},
  year={2019}
}